@misc{course,
  title={Introdução à Computação - IF668},
  author={CIn},
  url={https://www.cin.ufpe.br/~if668/#},
  note = {Online; acessado em 20/08/2021} 
}

@misc{eric,
  title={Eric de Lima},
  author={Eric Vinícius de Lima},
  url={https://www.cin.ufpe.br/~evl/},
  note = {Online; acessado em 20/08/2021} 
}

@misc{michel,
  title={Michel Leonidas},
  author={Michel Leonidas Aleixo da Silva},
  url={https://www.cin.ufpe.br/~mlas3/},
  note = {Online; acessado em 20/08/2021} 
}

@misc{adriano,
  title={Curriculum Lattes ADRIANO L. I.;DE OLIVEIRA},
  author={System of Curriculum Lattes},
  url={http://lattes.cnpq.br/5194381227316437},
  note = {Online; acessado em 20/08/2021} 
}

@misc{planalto,
  title={DECRETO Nº 5.626},
  author={Planalto},
  url={http://www.planalto.gov.br/ccivil_03/_ato2004-2006/2005/decreto/d5626.htm},
  note = {Online; acessado em 20/08/2021} 
}

@misc{ibge,
  title={Total de pessoas com deficiência auditiva},
  author={IBGE},
  url={https://www.ibge.gov.br/apps/snig/v1/?loc=0&cat=-1,-2,-3,128&ind=4643},
  note = {Online; acessado em 20/08/2021} 
}

@misc{figure_1,
  title={HandTalk},
  author={Isabela Palma},
  url={http://www.dfe.uem.br/comunicauem/2018/10/03/inclusao-e-acessibilidade-dos-deficientes-auditivos/},
  note = {Online; acessado em 20/08/2021} 
}

@misc{python,
  title={Python},
  author={Python Org},
  url={https://www.pythoacessadon.org/},
  note = {Online; acessado em 20/08/2021} 
}

@misc{mediapipe,
  title={MediaPipe},
  author={Google},
  url={https://mediapipe.dev/},
  note = {Online; acessado em 20/08/2021} 
}

@misc{opencv,
  title={OpenCV},
  author={OpenCV Org},
  url={https://opencv.org/},
  note = {Online; acessado em 20/08/2021} 
}

@misc{ml4kids,
  title={Machine Learning for Kids},
  author={IBM},
  url={https://machinelearningforkids.co.uk/},
  note = {Online; acessado em 20/08/2021} 
}

@misc{watson,
  title={IBM - Watson},
  author={IBM},
  url={https://www.ibm.com/watson},
  note = {Online; acessado em 20/08/2021} 
}

@misc{requests,
  title={Requests: HTTP for Humans},
  author={Python Software Foundation},
  url={https://docs.python-requests.org/en/master/},
  note = {Online; acessado em 20/08/2021} 
}



